<record><leader>00000cas a2200000 a 4500</leader><controlfield tag="001">35322693</controlfield><controlfield tag="008">960829c19969999okuer ne      0   a0eng c</controlfield><datafield ind1=" " ind2=" " tag="010"><subfield code="a">sn 96004543 </subfield></datafield><datafield ind1=" " ind2=" " tag="040"><subfield code="a">NSD</subfield><subfield code="b">eng</subfield><subfield code="c">NSD</subfield><subfield code="d">OCL</subfield><subfield code="d">NYS</subfield><subfield code="d">OCLCQ</subfield><subfield code="d">OCLCF</subfield><subfield code="d">OCLCO</subfield><subfield code="d">OCLCA</subfield></datafield><datafield ind1=" " ind2=" " tag="012"><subfield code="l">1</subfield></datafield><datafield ind1="0" ind2=" " tag="022"><subfield code="a">1090-5669</subfield><subfield code="l">1090-5669</subfield><subfield code="2">1</subfield></datafield><datafield ind1=" " ind2=" " tag="037"><subfield code="b">Cheyenne-Arapaho Tribes of Oklahoma, POB 95, Concho, OK 73022</subfield></datafield><datafield ind1=" " ind2=" " tag="042"><subfield code="a">nsdp</subfield><subfield code="a">pcc</subfield></datafield><datafield ind1=" " ind2=" " tag="043"><subfield code="a">n-us-ok</subfield></datafield><datafield ind1="0" ind2=" " tag="130"><subfield code="a">Bulletin (Cheyenne-Arapaho Tribes of Oklahoma)</subfield></datafield><datafield ind1=" " ind2="4" tag="222"><subfield code="a">The bulletin - Cheyenne-Arapaho Tribes of Oklahoma</subfield></datafield><datafield ind1="1" ind2="4" tag="245"><subfield code="a">The bulletin.</subfield></datafield><datafield ind1="1" ind2="3" tag="246"><subfield code="a">Cheyenne-Arapaho Tribal bulletin</subfield></datafield><datafield ind1="1" ind2="7" tag="246"><subfield code="a">Cheyenne-Arapaho bulletin</subfield></datafield><datafield ind1=" " ind2=" " tag="260"><subfield code="a">Concho, OK :</subfield><subfield code="b">Cheyenne-Arapaho Tribes of Oklahoma</subfield></datafield><datafield ind1=" " ind2=" " tag="300"><subfield code="a">v. :</subfield><subfield code="b">ill. ;</subfield><subfield code="c">37 cm.</subfield></datafield><datafield ind1=" " ind2=" " tag="310"><subfield code="a">Biweekly,</subfield><subfield code="b">&lt;May 27, 1997&gt;-</subfield></datafield><datafield ind1=" " ind2=" " tag="321"><subfield code="a">Weekly,</subfield><subfield code="b">&lt;July 8, 1996&gt;-</subfield></datafield><datafield ind1=" " ind2=" " tag="500"><subfield code="a">"The original tribal newspaper."</subfield></datafield><datafield ind1=" " ind2=" " tag="515"><subfield code="a">Numbering repeats yearly.</subfield></datafield><datafield ind1=" " ind2=" " tag="588"><subfield code="a">Description based on surrogate of: Vol. 1, no. 17 (July 8, 1996).</subfield></datafield><datafield ind1=" " ind2=" " tag="588"><subfield code="a">Latest issue consulted: Vol. 1, no. 5 (May 2000).</subfield></datafield><datafield ind1=" " ind2="0" tag="651"><subfield code="a">Concho (Okla.)</subfield><subfield code="v">Newspapers.</subfield></datafield><datafield ind1=" " ind2="0" tag="651"><subfield code="a">Canadian County (Okla.)</subfield><subfield code="v">Newspapers.</subfield></datafield><datafield ind1=" " ind2="7" tag="655"><subfield code="a">Newspapers.</subfield><subfield code="2">fast</subfield><subfield code="0">(OCoLC)fst01423814</subfield></datafield><datafield ind1=" " ind2="7" tag="651"><subfield code="a">Oklahoma</subfield><subfield code="z">Canadian County.</subfield><subfield code="2">fast</subfield><subfield code="0">(OCoLC)fst01210513</subfield></datafield><datafield ind1=" " ind2="7" tag="651"><subfield code="a">Oklahoma</subfield><subfield code="z">Concho.</subfield><subfield code="2">fast</subfield><subfield code="0">(OCoLC)fst01271334</subfield></datafield><datafield ind1="1" ind2=" " tag="710"><subfield code="a">Cheyenne-Arapaho Tribes of Oklahoma.</subfield></datafield><datafield ind1=" " ind2=" " tag="752"><subfield code="a">United States</subfield><subfield code="b">Oklahoma</subfield><subfield code="c">Canadian</subfield><subfield code="d">Concho.</subfield></datafield><datafield ind1="0" ind2="0" tag="780"><subfield code="t">Cheyenne Arapaho bulletin</subfield><subfield code="w">(OCoLC)6189096</subfield></datafield></record>